<collection xmlns="http://www.loc.gov/MARC21/slim">
<record>
  <leader>01354nam0a2200289 i 450 </leader>
  <controlfield tag="001">IT\ICCU\CNCE\014542</controlfield>
  <controlfield tag="005">19981223000000.0</controlfield>
  <datafield tag="012" ind1=" " ind2=" ">
    <subfield code="a">s.us e.co a.a, a?o. (C) 1589 (A)</subfield>
    <subfield code="2">fei</subfield>
  </datafield>
  <datafield tag="100" ind1=" " ind2=" ">
    <subfield code="a">19970101d1589        0itac0103    ba</subfield>
  </datafield>
  <datafield tag="101" ind1=" " ind2=" ">
    <subfield code="a">MUL</subfield>
  </datafield>
  <datafield tag="102" ind1=" " ind2=" ">
    <subfield code="a">IT</subfield>
  </datafield>
  <datafield tag="200" ind1="1" ind2=" ">
    <subfield code="a">Oratiunculae duae Latina, Graeca, &amp; Hebraica lingua. Cum carmine quodam Latino, &amp; Hetrusco coram s.d.n. Sixto V pont. opt. max. publice habitae. A Fabio Ciancha de Nursia puerulo ...</subfield>
  </datafield>
  <datafield tag="210" ind1=" " ind2=" ">
    <subfield code="a">Romae</subfield>
    <subfield code="c">apud Franciscum Zannettum</subfield>
    <subfield code="d">1589</subfield>
  </datafield>
  <datafield tag="215" ind1=" " ind2=" ">
    <subfield code="a">\6! c.</subfield>
    <subfield code="d">8ʻ</subfield>
  </datafield>
  <datafield tag="620" ind1=" " ind2=" ">
    <subfield code="a">IT</subfield>
    <subfield code="d">Roma</subfield>
  </datafield>
  <datafield tag="700" ind1=" " ind2="1">
    <subfield code="a">Cianca,</subfield>
    <subfield code="b">Fabio</subfield>
    <subfield code="3">IT\ICCU\CNCA\003710</subfield>
  </datafield>
  <datafield tag="712" ind1="0" ind2="0">
    <subfield code="a">Zanetti, Francesco</subfield>
    <subfield code="3">IT\ICCU\CNCT\000147</subfield>
    <subfield code="4">650</subfield>
  </datafield>
  <datafield tag="790" ind1=" " ind2="1">
    <subfield code="a">Ciancha,</subfield>
    <subfield code="b">Fabius</subfield>
    <subfield code="3">IT\ICCU\CNCA\013236</subfield>
    <subfield code="z">Cianca, Fabio</subfield>
  </datafield>
  <datafield tag="791" ind1="0" ind2="0">
    <subfield code="a">Zannetti, Francesco</subfield>
    <subfield code="3">IT\ICCU\CNCT\003871</subfield>
    <subfield code="z">Zanetti, Francesco</subfield>
  </datafield>
  <datafield tag="791" ind1="0" ind2="0">
    <subfield code="a">Zanettus, Franciscus</subfield>
    <subfield code="3">IT\ICCU\CNCT\005795</subfield>
    <subfield code="z">Zanetti, Francesco</subfield>
  </datafield>
  <datafield tag="791" ind1="0" ind2="0">
    <subfield code="a">Zannetus, Franciscus</subfield>
    <subfield code="3">IT\ICCU\CNCT\005796</subfield>
    <subfield code="z">Zanetti, Francesco</subfield>
  </datafield>
  <datafield tag="791" ind1="0" ind2="0">
    <subfield code="a">Zannettus, Franciscus</subfield>
    <subfield code="3">IT\ICCU\CNCT\005797</subfield>
    <subfield code="z">Zanetti, Francesco</subfield>
  </datafield>
  <datafield tag="791" ind1="0" ind2="0">
    <subfield code="a">Zannetto, Francesco</subfield>
    <subfield code="3">IT\ICCU\CNCT\005798</subfield>
    <subfield code="z">Zanetti, Francesco</subfield>
  </datafield>
  <datafield tag="791" ind1="0" ind2="0">
    <subfield code="a">Zanetos, Phrankiskos</subfield>
    <subfield code="3">IT\ICCU\CNCT\005799</subfield>
    <subfield code="z">Zanetti, Francesco</subfield>
  </datafield>
  <datafield tag="801" ind1=" " ind2="3">
    <subfield code="a">IT</subfield>
    <subfield code="b">ICCU</subfield>
    <subfield code="c">20201114</subfield>
  </datafield>
  <datafield tag="899" ind1=" " ind2=" ">
    <subfield code="a">Biblioteca nazionale centrale. Roma</subfield>
    <subfield code="1">RM0267</subfield>
    <subfield code="2">BVE CR</subfield>
  </datafield>
  <datafield tag="899" ind1=" " ind2=" ">
    <subfield code="a">Biblioteca Vallicelliana. Roma</subfield>
    <subfield code="1">RM0281</subfield>
    <subfield code="2">RML 08</subfield>
  </datafield>
</record>
</collection>
